<?xml version="1.0" encoding="UTF-8"?><record xmlns="http://www.loc.gov/MARC21/slim" xmlns:cinclude="http://apache.org/cocoon/include/1.0" xmlns:zs="http://www.loc.gov/zing/srw/">
  <leader>00421nz  a2200121n  4500</leader>
  <controlfield tag="001">n 2010064237</controlfield>
  <controlfield tag="003">DLC</controlfield>
  <controlfield tag="005">20100928075009.0</controlfield>
  <controlfield tag="008">100927n| acannaabn          |n aaa      </controlfield>
  <datafield tag="010" ind1=" " ind2=" ">
    <subfield code="a">n 2010064237</subfield>
  </datafield>
  <datafield tag="040" ind1=" " ind2=" ">
    <subfield code="a">DLC</subfield>
    <subfield code="b">eng</subfield>
    <subfield code="c">DLC</subfield>
  </datafield>
  <datafield tag="100" ind1="1" ind2=" ">
    <subfield code="a">Hoke, Henry</subfield>
  </datafield>
  <datafield tag="670" ind1=" " ind2=" ">
    <subfield code="a">NUCMC data from Maine Historical Society for Campaign against James C. Oliver, 1932-1942</subfield>
    <subfield code="b">(Henry Hoke; correspondence to Hoke from Louis Robert Korn about the campaign)</subfield>
  </datafield>
</record>